@thesis{vergelijkingSupervised,
	author = {Rich Caruana / Alexandru Niculescu-Mizil},
	title = {An Empirical Comparison of Supervised Learning Algorithms},
	type = {paper},
	institution = {Department of Computer Science, Cornell University, Ithaca, NY 14853 USA},
	date = {},
	OPTchapter = {Conclusie}
}
@book{cursusAndrewNg,
	author = {Andrew Ng},
	title = {CS 229:  Machine Learning},
	date = {},
	publisher = {Stanford University},
	pages  ={part V}
}
@book{cursusAndrewNg,
	author = {Andrew Ng},
	title = {CS 229:  Machine Learning},
	date = {},
	publisher = {Stanford University},
	pages  ={part V}
}
@online{courseraSVM,
ALTauthor = {Andrew Ng},

title = {Lecture week 7, Using an SVM},
date = {},
url = {https://www.coursera.org/learn/machine-learning/resources/Es9Qo},

}

@book{Knuth1998,
 author = {Knuth, Donald E.},
 title = {The art of computer programming,  volume 3: (2nd ed.) sorting and searching},
 year = {1998},
 publisher = {Addison Wesley Longman Publishing Co., Inc.},
 address = {Redwood City, CA, USA}
}

@book{Pollefliet2011,
  author = {Pollefliet, Leen},
  title = {Schrijven van verslag tot eindwerk: do's en don'ts},
  year = {2011},
  publisher = {Academia Press},
  address = {Gent}
}

@article{Creeger2009,
  author = {Creeger, Mache},
  journal = {Communications of the ACM},
  number = {8},
  pages = {50--56},
  title = {{CTO Roundtable: Cloud Computing}},
  volume = {52},
  year = {2009}
}


@webpage{tensorflow,
	Read = {0},
	Title = {Tensorflow framework},
	Url = {www.tensorflow.org}}

@webpage{accord,
	Title = {Accord framework},
	Url = {www.accord-framework.net}}

@webpage{svmGraph,
	Title = {What is a support vector machine?},
	Url = {https://www.quora.com/What-is-a-Support-Vector-Machine},
	year = {2016}}



